@Misc{Cisco ,
author = "Cisco Systems",
title = "REMOTELY TRIGGERED BLACK HOLE FILTERINGâ€”
DESTINATION BASED AND SOURCE BASED",
howpublished = "\url{https://www.cisco.com/c/dam/en_us/about/security/intelligence/blackhole.pdf}",
year = 2005,
note = "[Accessed ]"
}

@Misc{Erco ,
author = "Luc Didry",
title = "Erco: Exabgp Routes Controller",
howpublished = "\url{https://erco.xyz}",
year = 2015,
note = "[Accessed ]"
}

@Misc{Meteor.JS,
title = "Meteor.JS",
howpublished = "\url{https://www.meteor.com/}",
year = 2017,
note = "[Accessed]"
}